:20:1234567
:21:9876543210
:25:10020030/1234567
:28C:5/1
:60F:C021101EUR2187,95
:61:0211011102DR800,NSTONONREF//55555
:86:008?00DAUERAUFTRAG?100599?20Miete November?3010020030?31234567?32MUELLER?34339
:61:0211011102DR800,NSTONONREF//55555
:86:008?00DAUERAUFTRAG?100599?20Miete November?3010020030?31234567?32MUELLER?34339
:62F:C021130EUR4387,95
:86:Some random data
-
