:20:1234567
:25:10020030/1234567
:28C:00006/004
:60M:C170109EUR57868,58
:61:170109D27,10NDDTNONREF//PK17000011131247
:86:106?00EC-CASH KARTENZAHLUNG?109075/658?20EREF+5820066700411906011
717?212731?22MREF+124591?23CRED+DE651231231210259?24SVWZ+DEUTSCH
E POST//LUDWIGS?25HAFEN AM RHEIN/DE 06-01-201?267T17:27:31  FOLGE
NR. 008  V?27ERFALLD. 1220?30PBNKDEFFXXX?31DE512312312312352500
?32DEUTSCHE POST AG?34011
:61:170109D29,00NDDTNONREF//PK17000010768140
:86:106?00VERFUEGUNG GELDAUTOMAT?109075/659?20EREF+000022660105400601
1715?213121?22MREF+054874?23CRED+DE1231231232501?24SVWZ+GRUNS
GLOB//SPARKASSE?25/DE 06-01-2017T?2615:31:21  FOLGENR
. 09  VERF?27ALLD. 1220  FREMDENTGELT 4,?2800 EUR?30MALADE51DKH?3
1DE31231231231232309?32SPARKASSE RHEIN-HAARDT?34023
:62F:C170109EUR57812,48
:64:C170109EUR57812,48
