:20:1234567
:21:9876543210
:25:10020030/1234567
:28C:5/1
:60F:C021101EUR2187,95
:61:0211021102CR3000,NTRFNONREF//55555
:86:051?00UEBERWEISUNG?100599?20Gehalt Oktober?21Firma Mustermann GmbH?3050060400?310847564700?32MUELLER?34339
:61:0211021102CR3000,NTRFNONREF//55555
:86:051?00UEBERWEISUNG?100599?20Gehalt Oktober?21Firma Musterfrau GmbH?3050060400?310847564700?32MUELLER?34339
:62F:C021130EUR4387,95
:86:Some random data
-
