:20:1234567
:25:PL25106000760000888888888888
:28C:00006/004
:60M:C170109EUR57868,58
:61:170109D29,00NDDTNONREF//PK17000010768140
:86:106?00VERFUEGUNG GELDAUTOMAT?109075/659?20EREF+000022660105400601
1715?213121?22MREF+054874?23CRED+DE1231231232501?24SVWZ+GRUNS
GLOB//SPARKASSE?25/DE 06-01-2017T?2615:31:21  FOLGENR
. 09  VERF?27ALLD. 1220  FREMDENTGELT 4,?2800 EUR?30MALADE51DKH?3
1DE31231231231232309?32SPARKASSE RHEIN-HAARDT?34023
:62F:C170109EUR57839,48
:64:C170109EUR57839,48
