<?xml version="1.0"?>
<Document xmlns="urn:iso:std:iso:20022:tech:xsd:pain.008.003.02" xmlns:xsi="http://www.w3.org/2001/XMLSchema-instance" xsi:schemaLocation="urn:iso:std:iso:20022:tech:xsd:pain.008.003.02 pain.008.003.02.xsd">
  <CstmrDrctDbtInitn>
    <GrpHdr>
      <MsgId>EBICS-BOX/C88BCD1BFCA4EFA12E9467</MsgId>
      <CreDtTm>2022-08-16T07:00:09+00:00</CreDtTm>
      <NbOfTxs>1</NbOfTxs>
      <CtrlSum>29.90</CtrlSum>
      <InitgPty>
        <Nm>Alessandro Cocco</Nm>
        <Id>
          <OrgId>
            <Othr>
              <Id>DE79ZZZ00002342843</Id>
            </Othr>
          </OrgId>
        </Id>
      </InitgPty>
    </GrpHdr>
    <PmtInf>
      <PmtInfId>EBICS-BOX/C88BCD1BFCA4EFA12E9467/1</PmtInfId>
      <PmtMtd>DD</PmtMtd>
      <BtchBookg>true</BtchBookg>
      <NbOfTxs>1</NbOfTxs>
      <CtrlSum>29.90</CtrlSum>
      <PmtTpInf>
        <SvcLvl>
          <Cd>SEPA</Cd>
        </SvcLvl>
        <LclInstrm>
          <Cd>CORE</Cd>
        </LclInstrm>
        <SeqTp>RCUR</SeqTp>
      </PmtTpInf>
      <ReqdColltnDt>2022-08-18</ReqdColltnDt>
      <Cdtr>
        <Nm>Alessandro Cocco</Nm>
      </Cdtr>
      <CdtrAcct>
        <Id>
          <IBAN>DE52200505501501141608</IBAN>
        </Id>
      </CdtrAcct>
      <CdtrAgt>
        <FinInstnId>
          <BIC>HASPDEHHXXX</BIC>
        </FinInstnId>
      </CdtrAgt>
      <ChrgBr>SLEV</ChrgBr>
      <CdtrSchmeId>
        <Id>
          <PrvtId>
            <Othr>
              <Id>DE79ZZZ00002342843</Id>
              <SchmeNm>
                <Prtry>SEPA</Prtry>
              </SchmeNm>
            </Othr>
          </PrvtId>
        </Id>
      </CdtrSchmeId>
      <DrctDbtTxInf>
        <PmtId>
          <EndToEndId>JVV1R2GS</EndToEndId>
        </PmtId>
        <InstdAmt Ccy="EUR">29.90</InstdAmt>
        <DrctDbtTx>
          <MndtRltdInf>
            <MndtId>C1CFE0619504DE79ZZZ00002342843GVLQ</MndtId>
            <DtOfSgntr>2022-06-16</DtOfSgntr>
          </MndtRltdInf>
        </DrctDbtTx>
        <DbtrAgt>
          <FinInstnId>
            <BIC>DEUTDEDBMUC</BIC>
          </FinInstnId>
        </DbtrAgt>
        <Dbtr>
          <Nm>Barbara Ingeborg Kirstin Gabelli</Nm>
        </Dbtr>
        <DbtrAcct>
          <Id>
            <IBAN>DE40700700240322698200</IBAN>
          </Id>
        </DbtrAcct>
        <RmtInf>
          <Ustrd>JVV1R2GS-RE-0822-0096</Ustrd>
        </RmtInf>
      </DrctDbtTxInf>
    </PmtInf>
  </CstmrDrctDbtInitn>
</Document>
